<?xml version="1.0" encoding="UTF-8"?>
<record xmlns="http://www.loc.gov/MARC21/slim">
   <leader>     cam a22        4500</leader>
   <controlfield tag="001">529989859</controlfield>
   <controlfield tag="003">DE-627</controlfield>
   <controlfield tag="005">20190518113646.0</controlfield>
   <controlfield tag="007">tu</controlfield>
   <controlfield tag="008">070531s2008 xx ||||| 00| ||ger c
   </controlfield>
   <datafield tag="015" ind1=" " ind2=" ">
      <subfield code="a">07,N24,0885</subfield>
      <subfield code="2">dnb</subfield>
   </datafield>
   <datafield tag="015" ind1=" " ind2=" ">
      <subfield code="a">07,N24,0885</subfield>
      <subfield code="2">dnb</subfield>
   </datafield>
   <datafield tag="016" ind1="7" ind2=" ">
      <subfield code="a">984275231</subfield>
      <subfield code="2">DE-101</subfield>
   </datafield>
   <datafield tag="020" ind1=" " ind2=" ">
      <subfield code="a">3899427769</subfield>
      <subfield code="c"> Pb. : ca. EUR 26.80, ca. sfr 44.40
      </subfield>
      <subfield code="9">3-89942-776-9</subfield>
   </datafield>
   <datafield tag="020" ind1=" " ind2=" ">
      <subfield code="a">9783899427769</subfield>
      <subfield code="c"> Pb. : ca. EUR 26.80, ca. sfr 44.40
      </subfield>
      <subfield code="9">978-3-89942-776-9</subfield>
   </datafield>
   <datafield tag="024" ind1="3" ind2=" ">
      <subfield code="a">9783899427769</subfield>
   </datafield>
   <datafield tag="035" ind1=" " ind2=" ">
      <subfield code="a">(DE-627)529989859</subfield>
   </datafield>
   <datafield tag="035" ind1=" " ind2=" ">
      <subfield code="a">(DE-576)265583411</subfield>
   </datafield>
   <datafield tag="035" ind1=" " ind2=" ">
      <subfield code="a">(DE-599)DNB984275231</subfield>
   </datafield>
   <datafield tag="035" ind1=" " ind2=" ">
      <subfield code="a">(OCoLC)244045212</subfield>
   </datafield>
   <datafield tag="035" ind1=" " ind2=" ">
      <subfield code="a">(OCoLC)315594066</subfield>
   </datafield>
   <datafield tag="035" ind1=" " ind2=" ">
      <subfield code="a">(DE-101)984275231</subfield>
   </datafield>
   <datafield tag="040" ind1=" " ind2=" ">
      <subfield code="a">DE-627</subfield>
      <subfield code="b">ger</subfield>
      <subfield code="c">DE-627</subfield>
      <subfield code="e">rakwb</subfield>
   </datafield>
   <datafield tag="041" ind1=" " ind2=" ">
      <subfield code="a">ger</subfield>
   </datafield>
   <datafield tag="044" ind1=" " ind2=" ">
      <subfield code="c">XA-DE-NW</subfield>
   </datafield>
   <datafield tag="082" ind1="0" ind2=" ">
      <subfield code="a">430</subfield>
      <subfield code="q">BSZ</subfield>
   </datafield>
   <datafield tag="082" ind1="0" ind2="4">
      <subfield code="a">300</subfield>
      <subfield code="a">800</subfield>
   </datafield>
   <datafield tag="082" ind1="0" ind2="4">
      <subfield code="a">430</subfield>
   </datafield>
   <datafield tag="084" ind1=" " ind2=" ">
      <subfield code="a">EC 2500</subfield>
      <subfield code="2">rvk</subfield>
   </datafield>
   <datafield tag="084" ind1=" " ind2=" ">
      <subfield code="a">LC 66015</subfield>
      <subfield code="2">rvk</subfield>
      <subfield code="0">(DE-625)rvk/90675:778</subfield>
   </datafield>
   <datafield tag="084" ind1=" " ind2=" ">
      <subfield code="a">Cd 5081</subfield>
      <subfield code="2">bkl</subfield>
   </datafield>
   <datafield tag="084" ind1=" " ind2=" ">
      <subfield code="a">17.89</subfield>
      <subfield code="2">bkl</subfield>
   </datafield>
   <datafield tag="084" ind1=" " ind2=" ">
      <subfield code="a">18.00</subfield>
      <subfield code="2">bkl</subfield>
   </datafield>
   <datafield tag="084" ind1=" " ind2=" ">
      <subfield code="a">17.25</subfield>
      <subfield code="2">bkl</subfield>
   </datafield>
   <datafield tag="090" ind1=" " ind2=" ">
      <subfield code="a">a</subfield>
   </datafield>
   <datafield tag="245" ind1="1" ind2="0">
      <subfield code="a">Schriftkultur und Schwellenkunde
      </subfield>
      <subfield code="c">Achim Geisenhanslüke ; Georg Mein (Hg.)
      </subfield>
   </datafield>
   <datafield tag="264" ind1=" " ind2="1">
      <subfield code="a">Bielefeld</subfield>
      <subfield code="b">Transcript-Verl.</subfield>
      <subfield code="c">2008</subfield>
   </datafield>
   <datafield tag="300" ind1=" " ind2=" ">
      <subfield code="a">318 S.</subfield>
      <subfield code="b">Ill.</subfield>
      <subfield code="c">225 mm x 135 mm, 359 gr.</subfield>
   </datafield>
   <datafield tag="336" ind1=" " ind2=" ">
      <subfield code="a">Text</subfield>
      <subfield code="b">txt</subfield>
      <subfield code="2">rdacontent</subfield>
   </datafield>
   <datafield tag="337" ind1=" " ind2=" ">
      <subfield code="a">ohne Hilfsmittel zu benutzen</subfield>
      <subfield code="b">n</subfield>
      <subfield code="2">rdamedia</subfield>
   </datafield>
   <datafield tag="338" ind1=" " ind2=" ">
      <subfield code="a">Band</subfield>
      <subfield code="b">nc</subfield>
      <subfield code="2">rdacarrier</subfield>
   </datafield>
   <datafield tag="490" ind1="1" ind2=" ">
      <subfield code="a">Literalität und Liminalität</subfield>
      <subfield code="v">1</subfield>
   </datafield>
   <datafield tag="500" ind1=" " ind2=" ">
      <subfield code="a">Literaturangaben</subfield>
   </datafield>
   <datafield tag="591" ind1=" " ind2=" ">
      <subfield code="a">5090: ddsu/sred ; IMD-Felder und 1131
         maschinell ergänzt (SWB)</subfield>
   </datafield>
   <datafield tag="600" ind1=" " ind2=" ">
      <subfield code="a">Personal name from 600</subfield>
      <subfield code="d">Chronological term from 600d</subfield>
      <subfield code="v">Genre Form from 600</subfield>
      <subfield code="x">Topical term from 600</subfield>
      <subfield code="y">Chronological term from 600y</subfield>
      <subfield code="z">Geographical name from 600</subfield>
   </datafield>
   <datafield tag="610" ind1=" " ind2=" ">
      <subfield code="a">Cooperate name from 610</subfield>
      <subfield code="v">Genre Form from 610</subfield>
      <subfield code="x">Topical term from 610</subfield>
      <subfield code="y">Chronological term from 610</subfield>
      <subfield code="z">Geographical name from 610</subfield>
   </datafield>
   <datafield tag="611" ind1=" " ind2=" ">
      <subfield code="a">Meeting name from 611</subfield>
      <subfield code="v">Genre Form from 611</subfield>
      <subfield code="x">Topical term from 611</subfield>
      <subfield code="y">Chronological term from 611</subfield>
      <subfield code="z">Geographical name from 611</subfield>
   </datafield>
   <datafield tag="630" ind1=" " ind2=" ">
      <subfield code="a">Uniform Title from 630</subfield>
      <subfield code="v">Genre Form from 630</subfield>
      <subfield code="x">Topical term from 630</subfield>
      <subfield code="y">Chronological term from 630</subfield>
      <subfield code="z">Geographical name from 630</subfield>
   </datafield>
   <datafield tag="648" ind1=" " ind2=" ">
      <subfield code="a">Chronological term from 648a</subfield>
      <subfield code="v">Genre Form from 648</subfield>
      <subfield code="x">Topical term from 648</subfield>
      <subfield code="y">Chronological term from 648y</subfield>
      <subfield code="z">Geographical name from 648</subfield>
   </datafield>
   <datafield tag="650" ind1=" " ind2=" ">
      <subfield code="a">Topical term from 650a</subfield>
      <subfield code="v">Genre Form from 650</subfield>
      <subfield code="x">Topical term from 650x</subfield>
      <subfield code="y">Chronological term from 650</subfield>
      <subfield code="z">Geographical name from 650</subfield>
   </datafield>
   <datafield tag="651" ind1=" " ind2=" ">
      <subfield code="a">Geographical name from 651a</subfield>
      <subfield code="v">Genre Form from 651</subfield>
      <subfield code="x">Topical term from 651</subfield>
      <subfield code="y">Chronological term from 651</subfield>
      <subfield code="z">Geographical name from 651y</subfield>
   </datafield>
   <datafield tag="653" ind1=" " ind2=" ">
      <subfield code="a">Topical term from 653 for undefined indicator</subfield>
   </datafield>
   <datafield tag="653" ind1=" " ind2="0">
      <subfield code="a">Topical term from 653</subfield>
   </datafield>
   <datafield tag="653" ind1=" " ind2="1">
      <subfield code="a">Personal name from 653</subfield>
   </datafield>
   <datafield tag="653" ind1=" " ind2="2">
      <subfield code="a">Cooperate name from 653</subfield>
   </datafield>
   <datafield tag="653" ind1=" " ind2="3">
      <subfield code="a">Meeting name from 653</subfield>
   </datafield>
   <datafield tag="653" ind1=" " ind2="4">
      <subfield code="a">Geographical name from 653</subfield>
   </datafield>
   <datafield tag="653" ind1=" " ind2="5">
      <subfield code="a">Chronological term from 653</subfield>
   </datafield>
   <datafield tag="653" ind1=" " ind2="6">
      <subfield code="a">Genre form from 653</subfield>
   </datafield>
   <datafield tag="655" ind1=" " ind2="7">
      <subfield code="a">Aufsatzsammlung</subfield>
      <subfield code="0">(DE-588)4143413-4</subfield>
      <subfield code="0">(DE-627)105605727</subfield>
      <subfield code="0">(DE-576)209726091</subfield>
      <subfield code="v">Genre Form from 655</subfield>
      <subfield code="x">Topical term from 655</subfield>
      <subfield code="y">Chronological term from 655</subfield>
      <subfield code="z">Geographical name from 655</subfield>
      <subfield code="2">gnd-content</subfield>
   </datafield>
   <datafield tag="689" ind1="0" ind2="0">
      <subfield code="D">s</subfield>
      <subfield code="0">(DE-588)4077162-3</subfield>
      <subfield code="0">(DE-627)104180862</subfield>
      <subfield code="0">(DE-576)209204206</subfield>
      <subfield code="a">Schriftlichkeit</subfield>
      <subfield code="2">gnd</subfield>
   </datafield>
   <datafield tag="689" ind1="0" ind2="1">
      <subfield code="D">s</subfield>
      <subfield code="0">(DE-588)4035964-5</subfield>
      <subfield code="0">(DE-627)106245015</subfield>
      <subfield code="0">(DE-576)209015608</subfield>
      <subfield code="a">Literatur</subfield>
      <subfield code="2">gnd</subfield>
   </datafield>
   <datafield tag="689" ind1="0" ind2=" ">
      <subfield code="5">DE-101</subfield>
   </datafield>
   <datafield tag="689" ind1="1" ind2="0">
      <subfield code="D">s</subfield>
      <subfield code="0">(DE-588)4077162-3</subfield>
      <subfield code="0">(DE-627)104180862</subfield>
      <subfield code="0">(DE-576)209204206</subfield>
      <subfield code="a">Schriftlichkeit</subfield>
      <subfield code="2">gnd</subfield>
   </datafield>
   <datafield tag="689" ind1="1" ind2="1">
      <subfield code="D">s</subfield>
      <subfield code="0">(DE-588)4125698-0</subfield>
      <subfield code="0">(DE-627)104470348</subfield>
      <subfield code="0">(DE-576)209578750</subfield>
      <subfield code="a">Kultur</subfield>
      <subfield code="2">gnd</subfield>
   </datafield>
   <datafield tag="689" ind1="1" ind2=" ">
      <subfield code="5">DE-101</subfield>
   </datafield>
   <datafield tag="689" ind1="1" ind2=" ">
      <subfield code="D">p</subfield>
      <subfield code="a">GND Personal name from 689</subfield>
   </datafield>
   <datafield tag="689" ind1="1" ind2=" ">
      <subfield code="A">c</subfield>
      <subfield code="a">SWD Personal name from 689</subfield>
   </datafield>
   <datafield tag="689" ind1="1" ind2=" ">
      <subfield code="D">f</subfield>
      <subfield code="a">GND Meetingl name from 689</subfield>
   </datafield>
   <datafield tag="689" ind1="1" ind2=" ">
      <subfield code="D">b</subfield>
      <subfield code="a">GND Cooperate name from 689</subfield>
   </datafield>
   <datafield tag="689" ind1="1" ind2=" ">
      <subfield code="A">d</subfield>
      <subfield code="a">SWD Cooperate name from 689</subfield>
   </datafield>
   <!-- ???
      <datafield tag="689" ind1="1" ind2=" ">
      <subfield code="D">?</subfield>
      <subfield code="a">GND Chronological term from 689</subfield>
      </datafield>
   -->
   <datafield tag="689" ind1="1" ind2=" ">
      <subfield code="A">z</subfield>
      <subfield code="a">SWD Chronological term from 689</subfield>
   </datafield>
   <datafield tag="689" ind1="1" ind2=" ">
      <subfield code="A">f</subfield>
      <subfield code="a">SWD Genre form from 689</subfield>
   </datafield>
   <datafield tag="689" ind1="1" ind2=" ">
      <subfield code="D">g</subfield>
      <subfield code="a">GND Geographical name from 689</subfield>
   </datafield>
   <datafield tag="689" ind1="1" ind2=" ">
      <subfield code="A">b</subfield>
      <subfield code="a">SWD Geographical name from 689</subfield>
   </datafield>
   <datafield tag="689" ind1="1" ind2=" ">
      <subfield code="D">s</subfield>
      <subfield code="a">GND Topical term from 689</subfield>
   </datafield>
   <datafield tag="689" ind1="1" ind2=" ">
      <subfield code="A">a</subfield>
      <subfield code="a">SWD Topical term from 689</subfield>
   </datafield>
   <datafield tag="700" ind1="1" ind2=" ">
      <subfield code="a">Geisenhanslüke, Achim</subfield>
      <subfield code="d">1965-</subfield>
      <subfield code="e">Hrsg.</subfield>
      <subfield code="0">(DE-588)124377432</subfield>
      <subfield code="0">(DE-627)363305432</subfield>
      <subfield code="0">(DE-576)176642188</subfield>
      <subfield code="4">edt</subfield>
   </datafield>
   <datafield tag="700" ind1="1" ind2=" ">
      <subfield code="a">Mein, Georg</subfield>
      <subfield code="d">1970-</subfield>
      <subfield code="0">(DE-588)121937135</subfield>
      <subfield code="0">(DE-627)081632460</subfield>
      <subfield code="0">(DE-576)182224309</subfield>
   </datafield>
   <datafield tag="776" ind1="0" ind2="8">
      <subfield code="i">Online-Ausg.</subfield>
      <subfield code="a">Geisenhanslüke, Achim, 1965 - </subfield>
      <subfield code="t">Schriftkultur und Schwellenkunde
      </subfield>
      <subfield code="d">Bielefeld : transcript Verlag, 2008
      </subfield>
      <subfield code="h">1 Online-Ressource</subfield>
      <subfield code="w">(DE-627)877293260</subfield>
      <subfield code="w">(DE-576)504097601</subfield>
      <subfield code="z">9783839407769</subfield>
   </datafield>
   <datafield tag="830" ind1=" " ind2="0">
      <subfield code="a">Literalität und Liminalität</subfield>
      <subfield code="v">1</subfield>
      <subfield code="9">100</subfield>
      <subfield code="w">(DE-627)537882464</subfield>
      <subfield code="w">(DE-576)265582385</subfield>
      <subfield code="w">(DE-600)2377865-9</subfield>
   </datafield>
   <datafield tag="856" ind1="4" ind2="2">
      <subfield code="u">http://www.gbv.de/dms/weimar/toc/529989859_toc.pdf
      </subfield>
      <subfield code="m">V:DE-601</subfield>
      <subfield code="m">B:DE-Wim2</subfield>
      <subfield code="q">pdf/application</subfield>
      <subfield code="x">Verlag</subfield>
      <subfield code="y">Inhaltsverzeichnis</subfield>
      <subfield code="3">Inhaltsverzeichnis</subfield>
   </datafield>
   <datafield tag="856" ind1="4" ind2="2">
      <subfield code="u">http://d-nb.info/984275231/04</subfield>
      <subfield code="m">B:DE-101</subfield>
      <subfield code="q">application/pdf</subfield>
      <subfield code="v">20130501</subfield>
      <subfield code="x">Verlag</subfield>
      <subfield code="3">Inhaltsverzeichnis</subfield>
   </datafield>
   <datafield tag="856" ind1="4" ind2="2">
      <subfield code="u">http://deposit.d-nb.de/cgi-bin/dokserv?id=2960453&amp;prov=M&amp;dok_var=1&amp;dok_ext=htm
      </subfield>
      <subfield code="m">X: MVB</subfield>
      <subfield code="q">text/html</subfield>
      <subfield code="v">20130501</subfield>
      <subfield code="x">Verlag</subfield>
      <subfield code="3">Inhaltstext</subfield>
   </datafield>
   <datafield tag="856" ind1="4" ind2="2">
      <subfield code="u">http://bvbr.bib-bvb.de:8991/F?func=service&amp;doc_library=BVB01&amp;doc_number=016227099&amp;line_number=0001&amp;func_code=DB_RECORDS&amp;service_type=MEDIA
      </subfield>
      <subfield code="m">V:DE-604</subfield>
      <subfield code="q">application/pdf</subfield>
      <subfield code="3">Inhaltsverzeichnis</subfield>
   </datafield>
   <datafield tag="856" ind1="4" ind2="2">
      <subfield code="u">http://deposit.d-nb.de/cgi-bin/dokserv?id=2960453&amp;prov=M&amp;dok_var=1&amp;dok_ext=htm
      </subfield>
      <subfield code="q">text/html</subfield>
      <subfield code="x">Verlag</subfield>
      <subfield code="3">Inhaltstext</subfield>
   </datafield>
   <datafield tag="924" ind1="0" ind2=" ">
      <subfield code="a">1279796588</subfield>
      <subfield code="b">DE-46</subfield>
      <subfield code="9">46</subfield>
      <subfield code="c">GBV</subfield>
      <subfield code="d">c</subfield>
      <subfield code="g">02.E.4894</subfield>
   </datafield>
   <datafield tag="924" ind1="0" ind2=" ">
      <subfield code="a">893560421</subfield>
      <subfield code="b">DE-18</subfield>
      <subfield code="9">18</subfield>
      <subfield code="c">GBV</subfield>
      <subfield code="d">c</subfield>
      <subfield code="g">A 2008/9510</subfield>
      <subfield code="h">SUB-SB</subfield>
   </datafield>
   <datafield tag="924" ind1="0" ind2=" ">
      <subfield code="a">838748651</subfield>
      <subfield code="b">DE-8</subfield>
      <subfield code="9">8</subfield>
      <subfield code="c">GBV</subfield>
      <subfield code="d">d</subfield>
      <subfield code="g">XIV C 198</subfield>
      <subfield code="h">8/52</subfield>
   </datafield>
   <datafield tag="924" ind1="0" ind2=" ">
      <subfield code="a">891634797</subfield>
      <subfield code="b">DE-27</subfield>
      <subfield code="9">27</subfield>
      <subfield code="c">GBV</subfield>
      <subfield code="d">c</subfield>
      <subfield code="g">KMW:BL:8000:Geis::2008</subfield>
      <subfield code="h">J 161</subfield>
   </datafield>
   <datafield tag="924" ind1="0" ind2=" ">
      <subfield code="a">1658301730</subfield>
      <subfield code="b">DE-547</subfield>
      <subfield code="9">547</subfield>
      <subfield code="c">GBV</subfield>
      <subfield code="d">c</subfield>
      <subfield code="g">EC 5910 G313 S3</subfield>
      <subfield code="h">LS</subfield>
   </datafield>
   <datafield tag="924" ind1="0" ind2=" ">
      <subfield code="a">948741767</subfield>
      <subfield code="b">DE-7</subfield>
      <subfield code="9">7</subfield>
      <subfield code="c">GBV</subfield>
      <subfield code="d">d</subfield>
      <subfield code="g">E-2 1/331</subfield>
      <subfield code="h">7/052</subfield>
   </datafield>
   <datafield tag="924" ind1="0" ind2=" ">
      <subfield code="a">1224838432</subfield>
      <subfield code="b">DE-7</subfield>
      <subfield code="9">7</subfield>
      <subfield code="c">GBV</subfield>
      <subfield code="d">d</subfield>
      <subfield code="g">IV G 67.4</subfield>
      <subfield code="h">BBK-KLASS</subfield>
   </datafield>
   <datafield tag="924" ind1="0" ind2=" ">
      <subfield code="a">1281149276</subfield>
      <subfield code="b">DE-23</subfield>
      <subfield code="9">23</subfield>
      <subfield code="c">GBV</subfield>
      <subfield code="d">c</subfield>
      <subfield code="g">62.518</subfield>
   </datafield>
   <datafield tag="924" ind1="0" ind2=" ">
      <subfield code="a">889863652</subfield>
      <subfield code="b">DE-705</subfield>
      <subfield code="9">705</subfield>
      <subfield code="c">GBV</subfield>
      <subfield code="d">c</subfield>
      <subfield code="g">ASL 411:YD0001</subfield>
      <subfield code="h">HB</subfield>
   </datafield>
   <datafield tag="924" ind1="0" ind2=" ">
      <subfield code="a">1611399211</subfield>
      <subfield code="b">DE-32</subfield>
      <subfield code="9">32</subfield>
      <subfield code="c">GBV</subfield>
      <subfield code="d">c</subfield>
      <subfield code="g">264171 - A</subfield>
      <subfield code="h">MAG</subfield>
   </datafield>
   <datafield tag="924" ind1="0" ind2=" ">
      <subfield code="a">1168397197</subfield>
      <subfield code="b">DE-28</subfield>
      <subfield code="9">28</subfield>
      <subfield code="c">GBV</subfield>
      <subfield code="d">c</subfield>
      <subfield code="g">EC 2500 G313 S3</subfield>
      <subfield code="h">28/BB2-SLW</subfield>
   </datafield>
   <datafield tag="924" ind1="0" ind2=" ">
      <subfield code="a">831299711</subfield>
      <subfield code="b">DE-Wim2</subfield>
      <subfield code="9">Wim 2</subfield>
      <subfield code="c">GBV</subfield>
      <subfield code="d">c</subfield>
      <subfield code="g">229 711</subfield>
      <subfield code="g">Mag Cd 5081</subfield>
      <subfield code="h">Mag</subfield>
   </datafield>
   <datafield tag="924" ind1="0" ind2=" ">
      <subfield code="a">896537951</subfield>
      <subfield code="b">DE-3</subfield>
      <subfield code="9">3</subfield>
      <subfield code="c">GBV</subfield>
      <subfield code="d">c</subfield>
      <subfield code="g">17.25-00/56</subfield>
      <subfield code="h">Ha 18-25</subfield>
   </datafield>
   <datafield tag="924" ind1="0" ind2=" ">
      <subfield code="a">1638514283</subfield>
      <subfield code="b">DE-89</subfield>
      <subfield code="9">89</subfield>
      <subfield code="c">GBV</subfield>
      <subfield code="d">c</subfield>
      <subfield code="g">CJ/800/1332</subfield>
      <subfield code="h">FBL</subfield>
   </datafield>
   <datafield tag="924" ind1="0" ind2=" ">
      <subfield code="a">1450252745</subfield>
      <subfield code="b">DE-Hil2</subfield>
      <subfield code="9">Hil 2</subfield>
      <subfield code="c">GBV</subfield>
      <subfield code="d">c</subfield>
      <subfield code="g">GER 619 : S11</subfield>
   </datafield>
   <datafield tag="924" ind1="0" ind2=" ">
      <subfield code="a">83409228X</subfield>
      <subfield code="b">DE-45</subfield>
      <subfield code="9">45</subfield>
      <subfield code="c">GBV</subfield>
      <subfield code="d">c</subfield>
      <subfield code="g">08-2733</subfield>
   </datafield>
   <datafield tag="924" ind1="0" ind2=" ">
      <subfield code="a">829866914</subfield>
      <subfield code="b">DE-700</subfield>
      <subfield code="9">700</subfield>
      <subfield code="c">GBV</subfield>
      <subfield code="d">c</subfield>
      <subfield code="g">BKD 5054-543 4</subfield>
      <subfield code="h">B</subfield>
   </datafield>
   <datafield tag="924" ind1="0" ind2=" ">
      <subfield code="a">1311822909</subfield>
      <subfield code="b">DE-959</subfield>
      <subfield code="9">959/3</subfield>
      <subfield code="c">GBV</subfield>
      <subfield code="d">c</subfield>
      <subfield code="g">BYF 1</subfield>
      <subfield code="h">L</subfield>
   </datafield>
   <datafield tag="924" ind1="0" ind2=" ">
      <subfield code="a">1137405414</subfield>
      <subfield code="b">DE-834</subfield>
      <subfield code="9">834</subfield>
      <subfield code="c">GBV</subfield>
      <subfield code="d">c</subfield>
      <subfield code="g">P 2. Schri 1</subfield>
   </datafield>
   <datafield tag="924" ind1="0" ind2=" ">
      <subfield code="a">830199780</subfield>
      <subfield code="b">DE-517</subfield>
      <subfield code="9">517</subfield>
      <subfield code="c">GBV</subfield>
      <subfield code="d">c</subfield>
      <subfield code="g">AP 14700 GEI</subfield>
      <subfield code="h">4200</subfield>
   </datafield>
   <datafield tag="924" ind1="0" ind2=" ">
      <subfield code="a">3116585520</subfield>
      <subfield code="b">DE-21-108</subfield>
      <subfield code="9">21/108</subfield>
      <subfield code="c">BSZ</subfield>
      <subfield code="d">c</subfield>
      <subfield code="g">Allg T 4/Sch 6</subfield>
   </datafield>
   <datafield tag="924" ind1="0" ind2=" ">
      <subfield code="a">3116585598</subfield>
      <subfield code="b">DE-25</subfield>
      <subfield code="9">25</subfield>
      <subfield code="c">BSZ</subfield>
      <subfield code="d">c</subfield>
      <subfield code="g">GE 2008/5718</subfield>
   </datafield>
   <datafield tag="924" ind1="0" ind2=" ">
      <subfield code="a">3116585652</subfield>
      <subfield code="b">DE-291</subfield>
      <subfield code="9">291</subfield>
      <subfield code="c">BSZ</subfield>
      <subfield code="d">c</subfield>
      <subfield code="g">2009-3226</subfield>
   </datafield>
   <datafield tag="924" ind1="0" ind2=" ">
      <subfield code="a">3116585709</subfield>
      <subfield code="b">DE-14</subfield>
      <subfield code="9">14</subfield>
      <subfield code="c">BSZ</subfield>
      <subfield code="d">c</subfield>
   </datafield>
   <datafield tag="924" ind1="0" ind2=" ">
      <subfield code="a">3116585792</subfield>
      <subfield code="b">DE-24</subfield>
      <subfield code="9">24</subfield>
      <subfield code="c">BSZ</subfield>
      <subfield code="d">c</subfield>
      <subfield code="g">58/12325</subfield>
   </datafield>
   <datafield tag="924" ind1="0" ind2=" ">
      <subfield code="a">3116585849</subfield>
      <subfield code="b">DE-180</subfield>
      <subfield code="9">180</subfield>
      <subfield code="c">BSZ</subfield>
      <subfield code="d">c</subfield>
      <subfield code="g"> 2008 A 4421</subfield>
      <subfield code="h">WEST_UG</subfield>
   </datafield>
   <datafield tag="924" ind1="0" ind2=" ">
      <subfield code="a">3116585911</subfield>
      <subfield code="b">DE-16</subfield>
      <subfield code="9">16</subfield>
      <subfield code="c">BSZ</subfield>
      <subfield code="d">c</subfield>
      <subfield code="g">2008 A 5402</subfield>
   </datafield>
   <datafield tag="924" ind1="0" ind2=" ">
      <subfield code="a">3116585997</subfield>
      <subfield code="b">DE-16-29</subfield>
      <subfield code="9">16/29</subfield>
      <subfield code="c">BSZ</subfield>
      <subfield code="d">b</subfield>
      <subfield code="g">L 16,12</subfield>
      <subfield code="h">331</subfield>
   </datafield>
   <datafield tag="924" ind1="0" ind2=" ">
      <subfield code="a">3116586063</subfield>
      <subfield code="b">DE-Ch1</subfield>
      <subfield code="9">Ch 1</subfield>
      <subfield code="c">BSZ</subfield>
      <subfield code="d">c</subfield>
   </datafield>
   <datafield tag="924" ind1="0" ind2=" ">
      <subfield code="a">3116586128</subfield>
      <subfield code="b">DE-Frei129</subfield>
      <subfield code="9">Frei 129</subfield>
      <subfield code="c">BSZ</subfield>
      <subfield code="d">c</subfield>
      <subfield code="g">LC 66015 G313</subfield>
   </datafield>
   <datafield tag="924" ind1="0" ind2=" ">
      <subfield code="a">3116586195</subfield>
      <subfield code="b">DE-Mar1</subfield>
      <subfield code="9">Mar 1</subfield>
      <subfield code="c">BSZ</subfield>
      <subfield code="d">b</subfield>
      <subfield code="g">C3</subfield>
   </datafield>
   <datafield tag="924" ind1="0" ind2=" ">
      <subfield code="a">3116586284</subfield>
      <subfield code="b">DE-958</subfield>
      <subfield code="9">958</subfield>
      <subfield code="c">BSZ</subfield>
      <subfield code="d">b</subfield>
      <subfield code="g">Pb</subfield>
   </datafield>
   <datafield tag="924" ind1="0" ind2=" ">
      <subfield code="a">3116586322</subfield>
      <subfield code="b">DE-Mh39</subfield>
      <subfield code="9">Mh 39</subfield>
      <subfield code="c">BSZ</subfield>
      <subfield code="d">d</subfield>
   </datafield>
   <datafield tag="924" ind1="0" ind2=" ">
      <subfield code="a">3116586330</subfield>
      <subfield code="b">DE-Mh39</subfield>
      <subfield code="9">Mh 39</subfield>
      <subfield code="c">BSZ</subfield>
      <subfield code="d">b</subfield>
      <subfield code="g">MA 2368</subfield>
   </datafield>
   <datafield tag="924" ind1="0" ind2=" ">
      <subfield code="a">3116586403</subfield>
      <subfield code="b">DE-Ka88</subfield>
      <subfield code="9">Ka 88</subfield>
      <subfield code="c">BSZ</subfield>
      <subfield code="d">b</subfield>
      <subfield code="g">Ld 0070</subfield>
   </datafield>
   <datafield tag="924" ind1="0" ind2=" ">
      <subfield code="a">3116586527</subfield>
      <subfield code="b">DE-D275</subfield>
      <subfield code="9">D 275</subfield>
      <subfield code="c">BSZ</subfield>
      <subfield code="d">c</subfield>
   </datafield>
   <datafield tag="935" ind1=" " ind2=" ">
      <subfield code="i">sf</subfield>
   </datafield>
   <datafield tag="935" ind1=" " ind2=" ">
      <subfield code="i">Blocktest</subfield>
   </datafield>
   <datafield tag="936" ind1="b" ind2="k">
      <subfield code="a">Cd 5081</subfield>
   </datafield>
   <datafield tag="936" ind1="b" ind2="k">
      <subfield code="a">17.89</subfield>
      <subfield code="j">Literaturtheorie: Sonstiges</subfield>
      <subfield code="0">(DE-627)106404466</subfield>
   </datafield>
   <datafield tag="936" ind1="b" ind2="k">
      <subfield code="a">18.00</subfield>
      <subfield code="j">Einzelne Sprachen und Literaturen
         allgemein</subfield>
      <subfield code="0">(DE-627)106405403</subfield>
   </datafield>
   <datafield tag="936" ind1="b" ind2="k">
      <subfield code="a">17.25</subfield>
      <subfield code="j">Soziolinguistik: Sonstiges</subfield>
      <subfield code="0">(DE-627)10642212X</subfield>
   </datafield>
   <datafield tag="938" ind1=" " ind2=" ">
      <subfield code="a">938 Was'n Das'n?</subfield>
   </datafield>
   <datafield tag="951" ind1=" " ind2=" ">
      <subfield code="a">BO</subfield>
   </datafield>
</record>
